@article{shin1949mathematical,
  title={A Mathematical Theory of Communication},
  author={Shin, Jin Woo and Kim, Sang Joon},
  journal={University of Ulinois Ress},
  year={1949}
}

@book{cohen2014analyzing,
  title={Analyzing neural time series data: theory and practice},
  author={Cohen, Mike X},
  year={2014},
  publisher={MIT press}
}

@article{faes2012methodological,
  title={Methodological advances in brain connectivity},
  author={Faes, Luca and Andrzejak, Ralph G and Ding, Mingzhou and Kugiumtzis, Dimitris},
  journal={Computational and mathematical methods in medicine},
  volume={2012},
  year={2012},
  publisher={Hindawi}
}

@article{brunner2016volume,
  title={Volume conduction influences scalp-based connectivity estimates},
  author={Brunner, Clemens and Billinger, Martin and Seeber, Martin and Mullen, Timothy R and Makeig, Scott},
  journal={Frontiers in computational neuroscience},
  volume={10},
  pages={121},
  year={2016},
  publisher={Frontiers}
}

@article{grech2008review,
  title={Review on solving the inverse problem in EEG source analysis},
  author={Grech, Roberta and Cassar, Tracey and Muscat, Joseph and Camilleri, Kenneth P and Fabri, Simon G and Zervakis, Michalis and Xanthopoulos, Petros and Sakkalis, Vangelis and Vanrumste, Bart},
  journal={Journal of neuroengineering and rehabilitation},
  volume={5},
  number={1},
  pages={25},
  year={2008},
  publisher={BioMed Central}
}

@article{ince2017statistical,
  title={A statistical framework for neuroimaging data analysis based on mutual information estimated via a gaussian copula},
  author={Ince, Robin AA and Giordano, Bruno L and Kayser, Christoph and Rousselet, Guillaume A and Gross, Joachim and Schyns, Philippe G},
  journal={Human brain mapping},
  volume={38},
  number={3},
  pages={1541--1573},
  year={2017},
  publisher={Wiley Online Library}
}

@inproceedings{ghumare2015comparison,
  title={Comparison of different Kalman filter approaches in deriving time varying connectivity from EEG data},
  author={Ghumare, Eshwar and Schrooten, Maarten and Vandenberghe, Rik and Dupont, Patrick},
  booktitle={Engineering in Medicine and Biology Society (EMBC), 2015 37th Annual International Conference of the IEEE},
  pages={2199--2202},
  year={2015},
  organization={IEEE}
}

@article{kannathal2005entropies,
  title={Entropies for detection of epilepsy in EEG},
  author={Kannathal, N and Choo, Min Lim and Acharya, U Rajendra and Sadasivan, PK},
  journal={Computer methods and programs in biomedicine},
  volume={80},
  number={3},
  pages={187--194},
  year={2005},
  publisher={Elsevier}
}

@online{venn,
  author = {Bioinformatics & Evolutionary Genomics UGent},
  title = {Calculate and draw custom Venn diagrams},
  year = 2018,
  url = {http://bioinformatics.psb.ugent.be/webtools/Venn/},
  urldate = {2018-08-04}
}

@online{source-loc-img,
  author = {Will Penny},
  title = {MEG and EEG Analysis},
  year = 2018,
  url = {https://www.fil.ion.ucl.ac.uk/~wpenny/research/meeg.html},
  urldate = {2018-08-04}
}


@article{beyersmann2014semantic,
  title={Semantic processing during morphological priming: An ERP study},
  author={Beyersmann, Elisabeth and Iakimova, Galina and Ziegler, Johannes C and Col{\'e}, Pascale},
  journal={Brain Research},
  volume={1579},
  pages={45--55},
  year={2014},
  publisher={Elsevier}
}

@article{blinowska2011review,
  title={Review of the methods of determination of directed connectivity from multichannel data},
  author={Blinowska, Katarzyna J},
  journal={Medical \& biological engineering \& computing},
  volume={49},
  number={5},
  pages={521--529},
  year={2011},
  publisher={Springer}
}

@article{bressler2011wiener,
  title={Wiener--Granger causality: a well established methodology},
  author={Bressler, Steven L and Seth, Anil K},
  journal={Neuroimage},
  volume={58},
  number={2},
  pages={323--329},
  year={2011},
  publisher={Elsevier}
}

@article{cui2008bsmart,
  title={BSMART: a Matlab/C toolbox for analysis of multichannel neural time series},
  author={Cui, Jie and Xu, Lei and Bressler, Steven L and Ding, Mingzhou and Liang, Hualou},
  journal={Neural Networks},
  volume={21},
  number={8},
  pages={1094--1104},
  year={2008},
  publisher={Elsevier}
}

@article{horwitz2003elusive,
  title={The elusive concept of brain connectivity},
  author={Horwitz, Barry},
  journal={Neuroimage},
  volume={19},
  number={2},
  pages={466--470},
  year={2003},
  publisher={Elsevier}
}

@article{friston2011functional,
  title={Functional and effective connectivity: a review},
  author={Friston, Karl J},
  journal={Brain connectivity},
  volume={1},
  number={1},
  pages={13--36},
  year={2011},
  publisher={Mary Ann Liebert, Inc. 140 Huguenot Street, 3rd Floor New Rochelle, NY 10801 USA}
}

@article{schoffelen2009source,
  title={Source connectivity analysis with MEG and EEG},
  author={Schoffelen, Jan-Mathijs and Gross, Joachim},
  journal={Human brain mapping},
  volume={30},
  number={6},
  pages={1857--1865},
  year={2009},
  publisher={Wiley Online Library}
}

@article{landrum2015clinvar,
  title={ClinVar: public archive of interpretations of clinically relevant variants},
  author={Landrum, Melissa J and Lee, Jennifer M and Benson, Mark and Brown, Garth and Chao, Chen and Chitipiralla, Shanmuga and Gu, Baoshan and Hart, Jennifer and Hoffman, Douglas and Hoover, Jeffrey and others},
  journal={Nucleic acids research},
  volume={44},
  number={D1},
  pages={D862--D868},
  year={2015},
  publisher={Oxford University Press}
}

@article{brysbaert2014concreteness,
  title={Concreteness ratings for 40 thousand generally known English word lemmas},
  author={Brysbaert, Marc and Warriner, Amy Beth and Kuperman, Victor},
  journal={Behavior research methods},
  volume={46},
  number={3},
  pages={904--911},
  year={2014},
  publisher={Springer}
}

@article{de2008word,
  title={Word associations: Network and semantic properties},
  author={De Deyne, Simon and Storms, Gert},
  journal={Behavior Research Methods},
  volume={40},
  number={1},
  pages={213--231},
  year={2008},
  publisher={Springer}
}

@article{tadel2011brainstorm,
  title={Brainstorm: a user-friendly application for MEG/EEG analysis},
  author={Tadel, Fran{\c{c}}ois and Baillet, Sylvain and Mosher, John C and Pantazis, Dimitrios and Leahy, Richard M},
  journal={Computational intelligence and neuroscience},
  volume={2011},
  pages={8},
  year={2011},
  publisher={Hindawi Publishing Corp.}
}

@article{gramfort2014mne,
  title={MNE software for processing MEG and EEG data},
  author={Gramfort, Alexandre and Luessi, Martin and Larson, Eric and Engemann, Denis A and Strohmeier, Daniel and Brodbeck, Christian and Parkkonen, Lauri and H{\"a}m{\"a}l{\"a}inen, Matti S},
  journal={Neuroimage},
  volume={86},
  pages={446--460},
  year={2014},
  publisher={Elsevier}
}

@article{pascual2002standardized,
  title={Standardized low-resolution brain electromagnetic tomography (sLORETA): technical details},
  author={Pascual-Marqui, Roberto Domingo and others}
}

@article{mahjoory2017consistency,
  title={Consistency of EEG source localization and connectivity estimates},
  author={Mahjoory, Keyvan and Nikulin, Vadim V and Botrel, Loic and Linkenkaer-Hansen, Klaus and Fato, Marco M and Haufe, Stefan},
  journal={Neuroimage},
  volume={152},
  pages={590--601},
  year={2017},
  publisher={Elsevier}
}

@article{barsalou2003grounding,
  title={Grounding conceptual knowledge in modality-specific systems},
  author={Barsalou, Lawrence W and Simmons, W Kyle and Barbey, Aron K and Wilson, Christine D},
  journal={Trends in cognitive sciences},
  volume={7},
  number={2},
  pages={84--91},
  year={2003},
  publisher={Elsevier}
}

@article{caramazza2003organization,
  title={The organization of conceptual knowledge: the evidence from category-specific semantic deficits},
  author={Caramazza, Alfonso and Mahon, Bradford Z},
  journal={Trends in cognitive sciences},
  volume={7},
  number={8},
  pages={354--361},
  year={2003},
  publisher={Elsevier}
}

@article{devlin2002there,
  title={Is there an anatomical basis for category-specificity? Semantic memory studies in PET and fMRI},
  author={Devlin, Joseph T and Russell, Richard P and Davis, Matthew H and Price, Cathy J and Moss, Helen E and Fadili, M Jalal and Tyler, Lorraine K},
  journal={Neuropsychologia},
  volume={40},
  number={1},
  pages={54--75},
  year={2002},
  publisher={Elsevier}
}

@incollection{kemmerer2015visual,
  title={Visual and motor features of the meanings of action verbs: A cognitive neuroscience perspective},
  author={Kemmerer, David},
  booktitle={Cognitive science perspectives on verb representation and processing},
  pages={189--212},
  year={2015},
  publisher={Springer}
}

@article{kounios1994concreteness,
  title={Concreteness effects in semantic processing: ERP evidence supporting dual-coding theory.},
  author={Kounios, John and Holcomb, Phillip J},
  journal={Journal of Experimental Psychology: Learning, Memory, and Cognition},
  volume={20},
  number={4},
  pages={804},
  year={1994},
  publisher={American Psychological Association}
}

@article{wang2010neural,
  title={Neural representation of abstract and concrete concepts: A meta-analysis of neuroimaging studies},
  author={Wang, Jing and Conder, Julie A and Blitzer, David N and Shinkareva, Svetlana V},
  journal={Human brain mapping},
  volume={31},
  number={10},
  pages={1459--1468},
  year={2010},
  publisher={Wiley Online Library}
}

@article{bookheimer2002functional,
  title={Functional MRI of language: new approaches to understanding the cortical organization of semantic processing},
  author={Bookheimer, Susan},
  journal={Annual review of neuroscience},
  volume={25},
  number={1},
  pages={151--188},
  year={2002},
  publisher={Annual Reviews 4139 El Camino Way, PO Box 10139, Palo Alto, CA 94303-0139, USA}
}

@article{hauk2006time,
  title={The time course of visual word recognition as revealed by linear regression analysis of ERP data},
  author={Hauk, Olaf and Davis, Matthew H and Ford, M and Pulverm{\"u}ller, Friedemann and Marslen-Wilson, William D},
  journal={Neuroimage},
  volume={30},
  number={4},
  pages={1383--1400},
  year={2006},
  publisher={Elsevier}
}

@article{oostenveld2011fieldtrip,
  title={FieldTrip: open source software for advanced analysis of MEG, EEG, and invasive electrophysiological data},
  author={Oostenveld, Robert and Fries, Pascal and Maris, Eric and Schoffelen, Jan-Mathijs},
  journal={Computational intelligence and neuroscience},
  volume={2011},
  pages={1},
  year={2011},
  publisher={Hindawi Publishing Corp.}
}

@article{delorme2004eeglab,
  title={EEGLAB: an open source toolbox for analysis of single-trial EEG dynamics including independent component analysis},
  author={Delorme, Arnaud and Makeig, Scott},
  journal={Journal of neuroscience methods},
  volume={134},
  number={1},
  pages={9--21},
  year={2004},
  publisher={Elsevier}
}

@article{hoechstetter2004besa,
  title={BESA source coherence: a new method to study cortical oscillatory coupling},
  author={Hoechstetter, Karsten and Bornfleth, Harald and Weckesser, Dieter and Ille, Nicole and Berg, Patrick and Scherg, Michael},
  journal={Brain topography},
  volume={16},
  number={4},
  pages={233--238},
  year={2004},
  publisher={Springer}
}

@article{hamalainen1994interpreting,
  title={Interpreting magnetic fields of the brain: minimum norm estimates},
  author={H{\"a}m{\"a}l{\"a}inen, Matti S and Ilmoniemi, Risto J},
  journal={Medical \& biological engineering \& computing},
  volume={32},
  number={1},
  pages={35--42},
  year={1994},
  publisher={Springer}
}

@article{pascual1994low,
  title={Low resolution electromagnetic tomography: a new method for localizing electrical activity in the brain},
  author={Pascual-Marqui, Roberto D and Michel, Christoph M and Lehmann, Dietrich},
  journal={International Journal of psychophysiology},
  volume={18},
  number={1},
  pages={49--65},
  year={1994},
  publisher={Elsevier}
}

@article{van1997localization,
  title={Localization of brain electrical activity via linearly constrained minimum variance spatial filtering},
  author={Van Veen, Barry D and Van Drongelen, Wim and Yuchtman, Moshe and Suzuki, Akifumi},
  journal={IEEE Transactions on biomedical engineering},
  volume={44},
  number={9},
  pages={867--880},
  year={1997},
  publisher={IEEE}
}

@article{gross2001dynamic,
  title={Dynamic imaging of coherent sources: studying neural interactions in the human brain},
  author={Gro{\ss}, Joachim and Kujala, Jan and H{\"a}m{\"a}l{\"a}inen, Matti and Timmermann, Lars and Schnitzler, Alfons and Salmelin, Riitta},
  journal={Proceedings of the National Academy of Sciences},
  volume={98},
  number={2},
  pages={694--699},
  year={2001},
  publisher={National Acad Sciences}
}